@misc{bvb,
  title = "{BVBの画期的な広告戦略}",
  howpublished = {\url{http://www.bvb.jp/news/bvb%E3%81%AE%E7%94%BB%E6%9C%9F%E7%9A%84%E3%81%AA%E5%BA%83%E5%91%8A%E6%88%A6%E7%95%A5/}},
}

@book{cv,
  author = "江尻 正員 and 奥富 正敏 and 小沢 慎治 and 北本 朝展 and 後藤 道子 and 斎藤 英雄 and 佐藤 洋一 and 清水 雅夫 and 千葉 直樹 and 直井 聡 and 二宮 隆典 and 藤吉 弘亘 and 堀 修 and 宮原 景泰 and 森崎 和裕 and 山内 結子",
  title = "{ディジタル画像処理 [改訂新版]}",
  publisher = "公益財団法人 画像情報教育振興協会",
  year = 2015
}

@misc{sift_tut,
  title = "{特徴点のマッチング}",
  howpublished = {\url{http://labs.eecs.tottori-u.ac.jp/sd/Member/oyamada/OpenCV/html/py_tutorials/py_feature2d/py_matcher/py_matcher.html}},
}

@InProceedings{flann,
    author={D Arul Suju and Hancy Jose},
    booktitle={2017 Fourth International Conference on Signal Processing, Communication and Networking (ICSCN)},
    title={FLANN: Fast approximate nearest neighbour search algorithm for elucidating human-wildlife conflicts in forest areas},
    year={2017},
    pages={1--6},
}

@INPROCEEDINGS{sift,  
    author={David G. Lowe},  
    booktitle={Proceedings of the Seventh IEEE International Conference on Computer Vision},   
    title={Object recognition from local scale-invariant features},   
    year={1999},  
    volume={2},  
    number={},  
    pages={1150--1157 vol.2},
}


@inproceedings{akaze,
   author = {P. F. Alcantarilla and J. Nuevo and A. Bartoli},
   title = {Fast Explicit Diffusion for Accelerated Features in Nonlinear Scale Spaces},
   booktitle = {British Machine Vision Conf. (BMVC)}, 
   location = {Bristol, UK},
   year = {2013}
}
